%YAML 1.1
%TAG !u! tag:unity3d.com,2011:
--- !u!29 &1
OcclusionCullingSettings:
  m_ObjectHideFlags: 0
  serializedVersion: 2
  m_OcclusionBakeSettings:
    smallestOccluder: 5
    smallestHole: 0.25
    backfaceThreshold: 100
  m_SceneGUID: 00000000000000000000000000000000
  m_OcclusionCullingData: {fileID: 0}
--- !u!104 &2
RenderSettings:
  m_ObjectHideFlags: 0
  serializedVersion: 9
  m_Fog: 0
  m_FogColor: {r: 0.5, g: 0.5, b: 0.5, a: 1}
  m_FogMode: 3
  m_FogDensity: 0.01
  m_LinearFogStart: 0
  m_LinearFogEnd: 300
  m_AmbientSkyColor: {r: 0.212, g: 0.227, b: 0.259, a: 1}
  m_AmbientEquatorColor: {r: 0.114, g: 0.125, b: 0.133, a: 1}
  m_AmbientGroundColor: {r: 0.047, g: 0.043, b: 0.035, a: 1}
  m_AmbientIntensity: 1
  m_AmbientMode: 3
  m_SubtractiveShadowColor: {r: 0.42, g: 0.478, b: 0.627, a: 1}
  m_SkyboxMaterial: {fileID: 0}
  m_HaloStrength: 0.5
  m_FlareStrength: 1
  m_FlareFadeSpeed: 3
  m_HaloTexture: {fileID: 0}
  m_SpotCookie: {fileID: 10001, guid: 0000000000000000e000000000000000, type: 0}
  m_DefaultReflectionMode: 0
  m_DefaultReflectionResolution: 128
  m_ReflectionBounces: 1
  m_ReflectionIntensity: 1
  m_CustomReflection: {fileID: 0}
  m_Sun: {fileID: 0}
  m_IndirectSpecularColor: {r: 0, g: 0, b: 0, a: 1}
  m_UseRadianceAmbientProbe: 0
--- !u!157 &3
LightmapSettings:
  m_ObjectHideFlags: 0
  serializedVersion: 11
  m_GIWorkflowMode: 1
  m_GISettings:
    serializedVersion: 2
    m_BounceScale: 1
    m_IndirectOutputScale: 1
    m_AlbedoBoost: 1
    m_EnvironmentLightingMode: 0
    m_EnableBakedLightmaps: 0
    m_EnableRealtimeLightmaps: 0
  m_LightmapEditorSettings:
    serializedVersion: 12
    m_Resolution: 2
    m_BakeResolution: 40
    m_AtlasSize: 1024
    m_AO: 0
    m_AOMaxDistance: 1
    m_CompAOExponent: 1
    m_CompAOExponentDirect: 0
    m_ExtractAmbientOcclusion: 0
    m_Padding: 2
    m_LightmapParameters: {fileID: 0}
    m_LightmapsBakeMode: 1
    m_TextureCompression: 1
    m_FinalGather: 0
    m_FinalGatherFiltering: 1
    m_FinalGatherRayCount: 256
    m_ReflectionCompression: 2
    m_MixedBakeMode: 2
    m_BakeBackend: 0
    m_PVRSampling: 1
    m_PVRDirectSampleCount: 32
    m_PVRSampleCount: 500
    m_PVRBounces: 2
    m_PVREnvironmentSampleCount: 500
    m_PVREnvironmentReferencePointCount: 2048
    m_PVRFilteringMode: 2
    m_PVRDenoiserTypeDirect: 0
    m_PVRDenoiserTypeIndirect: 0
    m_PVRDenoiserTypeAO: 0
    m_PVRFilterTypeDirect: 0
    m_PVRFilterTypeIndirect: 0
    m_PVRFilterTypeAO: 0
    m_PVREnvironmentMIS: 0
    m_PVRCulling: 1
    m_PVRFilteringGaussRadiusDirect: 1
    m_PVRFilteringGaussRadiusIndirect: 5
    m_PVRFilteringGaussRadiusAO: 2
    m_PVRFilteringAtrousPositionSigmaDirect: 0.5
    m_PVRFilteringAtrousPositionSigmaIndirect: 2
    m_PVRFilteringAtrousPositionSigmaAO: 1
    m_ExportTrainingData: 0
    m_TrainingDataDestination: TrainingData
  m_LightingDataAsset: {fileID: 0}
  m_UseShadowmask: 1
--- !u!196 &4
NavMeshSettings:
  serializedVersion: 2
  m_ObjectHideFlags: 0
  m_BuildSettings:
    serializedVersion: 2
    agentTypeID: 0
    agentRadius: 0.5
    agentHeight: 2
    agentSlope: 45
    agentClimb: 0.4
    ledgeDropHeight: 0
    maxJumpAcrossDistance: 0
    minRegionArea: 2
    manualCellSize: 0
    cellSize: 0.16666667
    manualTileSize: 0
    tileSize: 256
    accuratePlacement: 0
    debug:
      m_Flags: 0
  m_NavMeshData: {fileID: 0}
--- !u!1 &22011038
GameObject:
  m_ObjectHideFlags: 0
  m_CorrespondingSourceObject: {fileID: 0}
  m_PrefabInstance: {fileID: 0}
  m_PrefabAsset: {fileID: 0}
  serializedVersion: 6
  m_Component:
  - component: {fileID: 22011039}
  - component: {fileID: 22011042}
  - component: {fileID: 22011041}
  - component: {fileID: 22011040}
  m_Layer: 5
  m_Name: Back
  m_TagString: Untagged
  m_Icon: {fileID: 0}
  m_NavMeshLayer: 0
  m_StaticEditorFlags: 0
  m_IsActive: 1
--- !u!224 &22011039
RectTransform:
  m_ObjectHideFlags: 0
  m_CorrespondingSourceObject: {fileID: 0}
  m_PrefabInstance: {fileID: 0}
  m_PrefabAsset: {fileID: 0}
  m_GameObject: {fileID: 22011038}
  m_LocalRotation: {x: -0, y: -0, z: -0, w: 1}
  m_LocalPosition: {x: 0, y: 0, z: 0}
  m_LocalScale: {x: 1.00008, y: 1.00008, z: 1.00008}
  m_Children:
  - {fileID: 1841615348}
  m_Father: {fileID: 1469652664}
  m_RootOrder: 6
  m_LocalEulerAnglesHint: {x: 0, y: 0, z: 0}
  m_AnchorMin: {x: 0.5, y: 0.5}
  m_AnchorMax: {x: 0.5, y: 0.5}
  m_AnchoredPosition: {x: 798.2999, y: -487.9}
  m_SizeDelta: {x: 246.6, y: 46.2}
  m_Pivot: {x: 0.5, y: 0.5}
--- !u!114 &22011040
MonoBehaviour:
  m_ObjectHideFlags: 0
  m_CorrespondingSourceObject: {fileID: 0}
  m_PrefabInstance: {fileID: 0}
  m_PrefabAsset: {fileID: 0}
  m_GameObject: {fileID: 22011038}
  m_Enabled: 1
  m_EditorHideFlags: 0
  m_Script: {fileID: 11500000, guid: 4e29b1a8efbd4b44bb3f3716e73f07ff, type: 3}
  m_Name: 
  m_EditorClassIdentifier: 
  m_Navigation:
    m_Mode: 3
    m_SelectOnUp: {fileID: 0}
    m_SelectOnDown: {fileID: 0}
    m_SelectOnLeft: {fileID: 0}
    m_SelectOnRight: {fileID: 0}
  m_Transition: 1
  m_Colors:
    m_NormalColor: {r: 1, g: 1, b: 1, a: 1}
    m_HighlightedColor: {r: 0.9607843, g: 0.9607843, b: 0.9607843, a: 1}
    m_PressedColor: {r: 0.78431374, g: 0.78431374, b: 0.78431374, a: 1}
    m_SelectedColor: {r: 0.9607843, g: 0.9607843, b: 0.9607843, a: 1}
    m_DisabledColor: {r: 0.78431374, g: 0.78431374, b: 0.78431374, a: 0.5019608}
    m_ColorMultiplier: 1
    m_FadeDuration: 0.1
  m_SpriteState:
    m_HighlightedSprite: {fileID: 0}
    m_PressedSprite: {fileID: 0}
    m_SelectedSprite: {fileID: 0}
    m_DisabledSprite: {fileID: 0}
  m_AnimationTriggers:
    m_NormalTrigger: Normal
    m_HighlightedTrigger: Highlighted
    m_PressedTrigger: Pressed
    m_SelectedTrigger: Selected
    m_DisabledTrigger: Disabled
  m_Interactable: 1
  m_TargetGraphic: {fileID: 22011041}
  m_OnClick:
    m_PersistentCalls:
      m_Calls:
      - m_Target: {fileID: 321565019}
        m_MethodName: ButtonPressed
        m_Mode: 1
        m_Arguments:
          m_ObjectArgument: {fileID: 0}
          m_ObjectArgumentAssemblyTypeName: UnityEngine.Object, UnityEngine
          m_IntArgument: 0
          m_FloatArgument: 0
          m_StringArgument: 
          m_BoolArgument: 0
        m_CallState: 2
--- !u!114 &22011041
MonoBehaviour:
  m_ObjectHideFlags: 0
  m_CorrespondingSourceObject: {fileID: 0}
  m_PrefabInstance: {fileID: 0}
  m_PrefabAsset: {fileID: 0}
  m_GameObject: {fileID: 22011038}
  m_Enabled: 1
  m_EditorHideFlags: 0
  m_Script: {fileID: 11500000, guid: fe87c0e1cc204ed48ad3b37840f39efc, type: 3}
  m_Name: 
  m_EditorClassIdentifier: 
  m_Material: {fileID: 0}
  m_Color: {r: 1, g: 1, b: 1, a: 1}
  m_RaycastTarget: 1
  m_OnCullStateChanged:
    m_PersistentCalls:
      m_Calls: []
  m_Sprite: {fileID: 10905, guid: 0000000000000000f000000000000000, type: 0}
  m_Type: 1
  m_PreserveAspect: 0
  m_FillCenter: 1
  m_FillMethod: 4
  m_FillAmount: 1
  m_FillClockwise: 1
  m_FillOrigin: 0
  m_UseSpriteMesh: 0
  m_PixelsPerUnitMultiplier: 1
--- !u!222 &22011042
CanvasRenderer:
  m_ObjectHideFlags: 0
  m_CorrespondingSourceObject: {fileID: 0}
  m_PrefabInstance: {fileID: 0}
  m_PrefabAsset: {fileID: 0}
  m_GameObject: {fileID: 22011038}
  m_CullTransparentMesh: 0
--- !u!1 &68901575
GameObject:
  m_ObjectHideFlags: 0
  m_CorrespondingSourceObject: {fileID: 0}
  m_PrefabInstance: {fileID: 0}
  m_PrefabAsset: {fileID: 0}
  serializedVersion: 6
  m_Component:
  - component: {fileID: 68901579}
  - component: {fileID: 68901578}
  - component: {fileID: 68901577}
  - component: {fileID: 68901576}
  m_Layer: 0
  m_Name: Main Camera
  m_TagString: MainCamera
  m_Icon: {fileID: 0}
  m_NavMeshLayer: 0
  m_StaticEditorFlags: 0
  m_IsActive: 1
--- !u!81 &68901576
AudioListener:
  m_ObjectHideFlags: 0
  m_CorrespondingSourceObject: {fileID: 0}
  m_PrefabInstance: {fileID: 0}
  m_PrefabAsset: {fileID: 0}
  m_GameObject: {fileID: 68901575}
  m_Enabled: 1
--- !u!124 &68901577
Behaviour:
  m_ObjectHideFlags: 0
  m_CorrespondingSourceObject: {fileID: 0}
  m_PrefabInstance: {fileID: 0}
  m_PrefabAsset: {fileID: 0}
  m_GameObject: {fileID: 68901575}
  m_Enabled: 1
--- !u!20 &68901578
Camera:
  m_ObjectHideFlags: 0
  m_CorrespondingSourceObject: {fileID: 0}
  m_PrefabInstance: {fileID: 0}
  m_PrefabAsset: {fileID: 0}
  m_GameObject: {fileID: 68901575}
  m_Enabled: 1
  serializedVersion: 2
  m_ClearFlags: 1
  m_BackGroundColor: {r: 0.19215687, g: 0.3019608, b: 0.4745098, a: 0}
  m_projectionMatrixMode: 1
  m_GateFitMode: 2
  m_FOVAxisMode: 0
  m_SensorSize: {x: 36, y: 24}
  m_LensShift: {x: 0, y: 0}
  m_FocalLength: 50
  m_NormalizedViewPortRect:
    serializedVersion: 2
    x: 0
    y: 0
    width: 1
    height: 1
  near clip plane: 0.3
  far clip plane: 1000
  field of view: 60
  orthographic: 1
  orthographic size: 5
  m_Depth: -1
  m_CullingMask:
    serializedVersion: 2
    m_Bits: 4294967295
  m_RenderingPath: -1
  m_TargetTexture: {fileID: 0}
  m_TargetDisplay: 0
  m_TargetEye: 3
  m_HDR: 1
  m_AllowMSAA: 1
  m_AllowDynamicResolution: 0
  m_ForceIntoRT: 0
  m_OcclusionCulling: 1
  m_StereoConvergence: 10
  m_StereoSeparation: 0.022
--- !u!4 &68901579
Transform:
  m_ObjectHideFlags: 0
  m_CorrespondingSourceObject: {fileID: 0}
  m_PrefabInstance: {fileID: 0}
  m_PrefabAsset: {fileID: 0}
  m_GameObject: {fileID: 68901575}
  m_LocalRotation: {x: 0, y: 0, z: 0, w: 1}
  m_LocalPosition: {x: 0, y: 0, z: -10}
  m_LocalScale: {x: 1, y: 1, z: 1}
  m_Children: []
  m_Father: {fileID: 0}
  m_RootOrder: 0
  m_LocalEulerAnglesHint: {x: 0, y: 0, z: 0}
--- !u!224 &148666708 stripped
RectTransform:
  m_CorrespondingSourceObject: {fileID: 224288369594095690, guid: 3cd8618a612eaaf4fa46e96866d54350,
    type: 3}
  m_PrefabInstance: {fileID: 568923815}
  m_PrefabAsset: {fileID: 0}
--- !u!1 &280219300
GameObject:
  m_ObjectHideFlags: 0
  m_CorrespondingSourceObject: {fileID: 0}
  m_PrefabInstance: {fileID: 0}
  m_PrefabAsset: {fileID: 0}
  serializedVersion: 6
  m_Component:
  - component: {fileID: 280219301}
  - component: {fileID: 280219303}
  - component: {fileID: 280219302}
  m_Layer: 5
  m_Name: RetroLevelSelectionBackground
  m_TagString: Untagged
  m_Icon: {fileID: 0}
  m_NavMeshLayer: 0
  m_StaticEditorFlags: 0
  m_IsActive: 1
--- !u!224 &280219301
RectTransform:
  m_ObjectHideFlags: 0
  m_CorrespondingSourceObject: {fileID: 0}
  m_PrefabInstance: {fileID: 0}
  m_PrefabAsset: {fileID: 0}
  m_GameObject: {fileID: 280219300}
  m_LocalRotation: {x: -0, y: -0, z: -0, w: 1}
  m_LocalPosition: {x: 0, y: 0, z: 0}
  m_LocalScale: {x: 0.99954, y: 0.99954, z: 0.99954}
  m_Children: []
  m_Father: {fileID: 1469652664}
  m_RootOrder: 0
  m_LocalEulerAnglesHint: {x: 0, y: 0, z: 0}
  m_AnchorMin: {x: 0, y: 0}
  m_AnchorMax: {x: 0, y: 0}
  m_AnchoredPosition: {x: 960, y: 1154}
  m_SizeDelta: {x: 2047, y: 2488}
  m_Pivot: {x: 0.5, y: 0.5}
--- !u!114 &280219302
MonoBehaviour:
  m_ObjectHideFlags: 0
  m_CorrespondingSourceObject: {fileID: 0}
  m_PrefabInstance: {fileID: 0}
  m_PrefabAsset: {fileID: 0}
  m_GameObject: {fileID: 280219300}
  m_Enabled: 1
  m_EditorHideFlags: 0
  m_Script: {fileID: 11500000, guid: fe87c0e1cc204ed48ad3b37840f39efc, type: 3}
  m_Name: 
  m_EditorClassIdentifier: 
  m_Material: {fileID: 0}
  m_Color: {r: 0.6102941, g: 0.5340073, b: 0.5576825, a: 1}
  m_RaycastTarget: 1
  m_OnCullStateChanged:
    m_PersistentCalls:
      m_Calls: []
  m_Sprite: {fileID: 21300000, guid: 80a19eab607cff943b44d03c563163e5, type: 3}
  m_Type: 0
  m_PreserveAspect: 0
  m_FillCenter: 1
  m_FillMethod: 4
  m_FillAmount: 1
  m_FillClockwise: 1
  m_FillOrigin: 0
  m_UseSpriteMesh: 0
  m_PixelsPerUnitMultiplier: 1
--- !u!222 &280219303
CanvasRenderer:
  m_ObjectHideFlags: 0
  m_CorrespondingSourceObject: {fileID: 0}
  m_PrefabInstance: {fileID: 0}
  m_PrefabAsset: {fileID: 0}
  m_GameObject: {fileID: 280219300}
  m_CullTransparentMesh: 0
--- !u!1 &321565018
GameObject:
  m_ObjectHideFlags: 0
  m_CorrespondingSourceObject: {fileID: 0}
  m_PrefabInstance: {fileID: 0}
  m_PrefabAsset: {fileID: 0}
  serializedVersion: 6
  m_Component:
  - component: {fileID: 321565021}
  - component: {fileID: 321565020}
  - component: {fileID: 321565019}
  m_Layer: 5
  m_Name: Back
  m_TagString: Untagged
  m_Icon: {fileID: 0}
  m_NavMeshLayer: 0
  m_StaticEditorFlags: 0
  m_IsActive: 1
--- !u!114 &321565019
MonoBehaviour:
  m_ObjectHideFlags: 0
  m_CorrespondingSourceObject: {fileID: 0}
  m_PrefabInstance: {fileID: 0}
  m_PrefabAsset: {fileID: 0}
  m_GameObject: {fileID: 321565018}
  m_Enabled: 1
  m_EditorHideFlags: 0
  m_Script: {fileID: 11500000, guid: ab472eb51ad0e4535b858bc2f9fb9dc9, type: 3}
  m_Name: 
  m_EditorClassIdentifier: 
  NextLevel: Single Level Selection
  LoadingSceneNameWithoutLoadingScreen: 
  AutoSkipDelay: 0
  FadeInDuration: 1
  FadeOutDuration: 1
  MusicSwitch: {fileID: 0}
  SfxSwitch: {fileID: 0}
--- !u!222 &321565020
CanvasRenderer:
  m_ObjectHideFlags: 0
  m_CorrespondingSourceObject: {fileID: 0}
  m_PrefabInstance: {fileID: 0}
  m_PrefabAsset: {fileID: 0}
  m_GameObject: {fileID: 321565018}
  m_CullTransparentMesh: 0
--- !u!224 &321565021
RectTransform:
  m_ObjectHideFlags: 0
  m_CorrespondingSourceObject: {fileID: 0}
  m_PrefabInstance: {fileID: 0}
  m_PrefabAsset: {fileID: 0}
  m_GameObject: {fileID: 321565018}
  m_LocalRotation: {x: -0, y: -0, z: -0, w: 1}
  m_LocalPosition: {x: 0, y: 0, z: 0}
  m_LocalScale: {x: 1.00008, y: 1.00008, z: 1.00008}
  m_Children: []
  m_Father: {fileID: 1469652664}
  m_RootOrder: 5
  m_LocalEulerAnglesHint: {x: 0, y: 0, z: 0}
  m_AnchorMin: {x: 0, y: 0}
  m_AnchorMax: {x: 1, y: 1}
  m_AnchoredPosition: {x: 8.700195, y: 253}
  m_SizeDelta: {x: 77.3999, y: 870}
  m_Pivot: {x: 0.5, y: 0.5}
--- !u!1 &433679906
GameObject:
  m_ObjectHideFlags: 0
  m_CorrespondingSourceObject: {fileID: 100002, guid: ace2d4bf56f98df4196ff81845a465d7,
    type: 3}
  m_PrefabInstance: {fileID: 0}
  m_PrefabAsset: {fileID: 0}
  serializedVersion: 6
  m_Component:
  - component: {fileID: 433679907}
  - component: {fileID: 433679910}
  - component: {fileID: 433679909}
  m_Layer: 0
  m_Name: EventSystem
  m_TagString: Untagged
  m_Icon: {fileID: 0}
  m_NavMeshLayer: 0
  m_StaticEditorFlags: 0
  m_IsActive: 1
--- !u!4 &433679907
Transform:
  m_ObjectHideFlags: 0
  m_CorrespondingSourceObject: {fileID: 400000, guid: ace2d4bf56f98df4196ff81845a465d7,
    type: 3}
  m_PrefabInstance: {fileID: 0}
  m_PrefabAsset: {fileID: 0}
  m_GameObject: {fileID: 433679906}
  m_LocalRotation: {x: 0, y: 0, z: 0, w: 1}
  m_LocalPosition: {x: 44, y: -26, z: 0}
  m_LocalScale: {x: 1, y: 1, z: 1}
  m_Children: []
  m_Father: {fileID: 1896010361}
  m_RootOrder: 1
  m_LocalEulerAnglesHint: {x: 0, y: 0, z: 0}
--- !u!114 &433679909
MonoBehaviour:
  m_ObjectHideFlags: 0
  m_CorrespondingSourceObject: {fileID: 11400006, guid: ace2d4bf56f98df4196ff81845a465d7,
    type: 3}
  m_PrefabInstance: {fileID: 0}
  m_PrefabAsset: {fileID: 0}
  m_GameObject: {fileID: 433679906}
  m_Enabled: 1
  m_EditorHideFlags: 0
  m_Script: {fileID: 11500000, guid: 4f231c4fb786f3946a6b90b886c48677, type: 3}
  m_Name: 
  m_EditorClassIdentifier: 
  m_HorizontalAxis: Horizontal
  m_VerticalAxis: Vertical
  m_SubmitButton: Submit
  m_CancelButton: Cancel
  m_InputActionsPerSecond: 10
  m_RepeatDelay: 0.5
  m_ForceModuleActive: 0
--- !u!114 &433679910
MonoBehaviour:
  m_ObjectHideFlags: 0
  m_CorrespondingSourceObject: {fileID: 11400008, guid: ace2d4bf56f98df4196ff81845a465d7,
    type: 3}
  m_PrefabInstance: {fileID: 0}
  m_PrefabAsset: {fileID: 0}
  m_GameObject: {fileID: 433679906}
  m_Enabled: 1
  m_EditorHideFlags: 0
  m_Script: {fileID: 11500000, guid: 76c392e42b5098c458856cdf6ecaaaa1, type: 3}
  m_Name: 
  m_EditorClassIdentifier: 
  m_FirstSelected: {fileID: 0}
  m_sendNavigationEvents: 1
  m_DragThreshold: 5
--- !u!1001 &568923815
PrefabInstance:
  m_ObjectHideFlags: 0
  serializedVersion: 2
  m_Modification:
    m_TransformParent: {fileID: 1469652664}
    m_Modifications:
    - target: {fileID: 224288369594095690, guid: 3cd8618a612eaaf4fa46e96866d54350,
        type: 3}
      propertyPath: m_LocalPosition.x
      value: 0
      objectReference: {fileID: 0}
    - target: {fileID: 224288369594095690, guid: 3cd8618a612eaaf4fa46e96866d54350,
        type: 3}
      propertyPath: m_LocalPosition.y
      value: 0
      objectReference: {fileID: 0}
    - target: {fileID: 224288369594095690, guid: 3cd8618a612eaaf4fa46e96866d54350,
        type: 3}
      propertyPath: m_LocalPosition.z
      value: 0
      objectReference: {fileID: 0}
    - target: {fileID: 224288369594095690, guid: 3cd8618a612eaaf4fa46e96866d54350,
        type: 3}
      propertyPath: m_LocalRotation.x
      value: -0
      objectReference: {fileID: 0}
    - target: {fileID: 224288369594095690, guid: 3cd8618a612eaaf4fa46e96866d54350,
        type: 3}
      propertyPath: m_LocalRotation.y
      value: -0
      objectReference: {fileID: 0}
    - target: {fileID: 224288369594095690, guid: 3cd8618a612eaaf4fa46e96866d54350,
        type: 3}
      propertyPath: m_LocalRotation.z
      value: -0
      objectReference: {fileID: 0}
    - target: {fileID: 224288369594095690, guid: 3cd8618a612eaaf4fa46e96866d54350,
        type: 3}
      propertyPath: m_LocalRotation.w
      value: 1
      objectReference: {fileID: 0}
    - target: {fileID: 224288369594095690, guid: 3cd8618a612eaaf4fa46e96866d54350,
        type: 3}
      propertyPath: m_RootOrder
      value: 2
      objectReference: {fileID: 0}
    - target: {fileID: 224288369594095690, guid: 3cd8618a612eaaf4fa46e96866d54350,
        type: 3}
      propertyPath: m_AnchoredPosition.x
      value: -306
      objectReference: {fileID: 0}
    - target: {fileID: 224288369594095690, guid: 3cd8618a612eaaf4fa46e96866d54350,
        type: 3}
      propertyPath: m_AnchoredPosition.y
      value: 377.59286
      objectReference: {fileID: 0}
    - target: {fileID: 224288369594095690, guid: 3cd8618a612eaaf4fa46e96866d54350,
        type: 3}
      propertyPath: m_SizeDelta.x
      value: 1080.8
      objectReference: {fileID: 0}
    - target: {fileID: 224288369594095690, guid: 3cd8618a612eaaf4fa46e96866d54350,
        type: 3}
      propertyPath: m_SizeDelta.y
      value: 61.2
      objectReference: {fileID: 0}
    - target: {fileID: 224288369594095690, guid: 3cd8618a612eaaf4fa46e96866d54350,
        type: 3}
      propertyPath: m_AnchorMin.x
      value: 0.5
      objectReference: {fileID: 0}
    - target: {fileID: 224288369594095690, guid: 3cd8618a612eaaf4fa46e96866d54350,
        type: 3}
      propertyPath: m_AnchorMin.y
      value: 0.5
      objectReference: {fileID: 0}
    - target: {fileID: 224288369594095690, guid: 3cd8618a612eaaf4fa46e96866d54350,
        type: 3}
      propertyPath: m_AnchorMax.x
      value: 0.5
      objectReference: {fileID: 0}
    - target: {fileID: 224288369594095690, guid: 3cd8618a612eaaf4fa46e96866d54350,
        type: 3}
      propertyPath: m_AnchorMax.y
      value: 0.5
      objectReference: {fileID: 0}
    - target: {fileID: 224288369594095690, guid: 3cd8618a612eaaf4fa46e96866d54350,
        type: 3}
      propertyPath: m_Pivot.x
      value: 0.5
      objectReference: {fileID: 0}
    - target: {fileID: 224288369594095690, guid: 3cd8618a612eaaf4fa46e96866d54350,
        type: 3}
      propertyPath: m_Pivot.y
      value: 0.5
      objectReference: {fileID: 0}
    - target: {fileID: 114026501170547586, guid: 3cd8618a612eaaf4fa46e96866d54350,
        type: 3}
      propertyPath: m_Text
      value: 'Rise : Select a Character'
      objectReference: {fileID: 0}
    - target: {fileID: 114026501170547586, guid: 3cd8618a612eaaf4fa46e96866d54350,
        type: 3}
      propertyPath: m_Color.r
      value: 1
      objectReference: {fileID: 0}
    - target: {fileID: 114026501170547586, guid: 3cd8618a612eaaf4fa46e96866d54350,
        type: 3}
      propertyPath: m_Color.g
      value: 1
      objectReference: {fileID: 0}
    - target: {fileID: 114026501170547586, guid: 3cd8618a612eaaf4fa46e96866d54350,
        type: 3}
      propertyPath: m_Color.b
      value: 1
      objectReference: {fileID: 0}
    m_RemovedComponents: []
  m_SourcePrefab: {fileID: 100100000, guid: 3cd8618a612eaaf4fa46e96866d54350, type: 3}
--- !u!224 &653337547 stripped
RectTransform:
  m_CorrespondingSourceObject: {fileID: 5092513717304191741, guid: ae10acab71e75364fbc8c2befe7a286a,
    type: 3}
  m_PrefabInstance: {fileID: 5092513717800225078}
  m_PrefabAsset: {fileID: 0}
--- !u!1001 &702858825
PrefabInstance:
  m_ObjectHideFlags: 0
  serializedVersion: 2
  m_Modification:
    m_TransformParent: {fileID: 1469652664}
    m_Modifications:
    - target: {fileID: 1815778078525110, guid: f9c1d2640980b3944ad3815c18cc1cad, type: 3}
      propertyPath: m_Name
      value: Fader
      objectReference: {fileID: 0}
    - target: {fileID: 1815778078525110, guid: f9c1d2640980b3944ad3815c18cc1cad, type: 3}
      propertyPath: m_IsActive
      value: 0
      objectReference: {fileID: 0}
    - target: {fileID: 224518304298186988, guid: f9c1d2640980b3944ad3815c18cc1cad,
        type: 3}
      propertyPath: m_LocalPosition.x
      value: 0
      objectReference: {fileID: 0}
    - target: {fileID: 224518304298186988, guid: f9c1d2640980b3944ad3815c18cc1cad,
        type: 3}
      propertyPath: m_LocalPosition.y
      value: 0
      objectReference: {fileID: 0}
    - target: {fileID: 224518304298186988, guid: f9c1d2640980b3944ad3815c18cc1cad,
        type: 3}
      propertyPath: m_LocalPosition.z
      value: 0
      objectReference: {fileID: 0}
    - target: {fileID: 224518304298186988, guid: f9c1d2640980b3944ad3815c18cc1cad,
        type: 3}
      propertyPath: m_LocalRotation.x
      value: -0
      objectReference: {fileID: 0}
    - target: {fileID: 224518304298186988, guid: f9c1d2640980b3944ad3815c18cc1cad,
        type: 3}
      propertyPath: m_LocalRotation.y
      value: -0
      objectReference: {fileID: 0}
    - target: {fileID: 224518304298186988, guid: f9c1d2640980b3944ad3815c18cc1cad,
        type: 3}
      propertyPath: m_LocalRotation.z
      value: -0
      objectReference: {fileID: 0}
    - target: {fileID: 224518304298186988, guid: f9c1d2640980b3944ad3815c18cc1cad,
        type: 3}
      propertyPath: m_LocalRotation.w
      value: 1
      objectReference: {fileID: 0}
    - target: {fileID: 224518304298186988, guid: f9c1d2640980b3944ad3815c18cc1cad,
        type: 3}
      propertyPath: m_RootOrder
      value: 4
      objectReference: {fileID: 0}
    - target: {fileID: 224518304298186988, guid: f9c1d2640980b3944ad3815c18cc1cad,
        type: 3}
      propertyPath: m_AnchoredPosition.x
      value: 0
      objectReference: {fileID: 0}
    - target: {fileID: 224518304298186988, guid: f9c1d2640980b3944ad3815c18cc1cad,
        type: 3}
      propertyPath: m_AnchoredPosition.y
      value: 0
      objectReference: {fileID: 0}
    - target: {fileID: 224518304298186988, guid: f9c1d2640980b3944ad3815c18cc1cad,
        type: 3}
      propertyPath: m_SizeDelta.x
      value: -267.48
      objectReference: {fileID: 0}
    - target: {fileID: 224518304298186988, guid: f9c1d2640980b3944ad3815c18cc1cad,
        type: 3}
      propertyPath: m_SizeDelta.y
      value: 0
      objectReference: {fileID: 0}
    - target: {fileID: 224518304298186988, guid: f9c1d2640980b3944ad3815c18cc1cad,
        type: 3}
      propertyPath: m_AnchorMin.x
      value: 0
      objectReference: {fileID: 0}
    - target: {fileID: 224518304298186988, guid: f9c1d2640980b3944ad3815c18cc1cad,
        type: 3}
      propertyPath: m_AnchorMin.y
      value: 0
      objectReference: {fileID: 0}
    - target: {fileID: 224518304298186988, guid: f9c1d2640980b3944ad3815c18cc1cad,
        type: 3}
      propertyPath: m_AnchorMax.x
      value: 1
      objectReference: {fileID: 0}
    - target: {fileID: 224518304298186988, guid: f9c1d2640980b3944ad3815c18cc1cad,
        type: 3}
      propertyPath: m_AnchorMax.y
      value: 1
      objectReference: {fileID: 0}
    - target: {fileID: 224518304298186988, guid: f9c1d2640980b3944ad3815c18cc1cad,
        type: 3}
      propertyPath: m_Pivot.x
      value: 0.5
      objectReference: {fileID: 0}
    - target: {fileID: 224518304298186988, guid: f9c1d2640980b3944ad3815c18cc1cad,
        type: 3}
      propertyPath: m_Pivot.y
      value: 0.5
      objectReference: {fileID: 0}
    - target: {fileID: 225746014528968042, guid: f9c1d2640980b3944ad3815c18cc1cad,
        type: 3}
      propertyPath: m_Alpha
      value: 1
      objectReference: {fileID: 0}
    - target: {fileID: 114139161375114028, guid: f9c1d2640980b3944ad3815c18cc1cad,
        type: 3}
      propertyPath: m_Enabled
      value: 0
      objectReference: {fileID: 0}
    m_RemovedComponents: []
  m_SourcePrefab: {fileID: 100100000, guid: f9c1d2640980b3944ad3815c18cc1cad, type: 3}
--- !u!1 &721683721
GameObject:
  m_ObjectHideFlags: 0
  m_CorrespondingSourceObject: {fileID: 100000, guid: ace2d4bf56f98df4196ff81845a465d7,
    type: 3}
  m_PrefabInstance: {fileID: 0}
  m_PrefabAsset: {fileID: 0}
  serializedVersion: 6
  m_Component:
  - component: {fileID: 1469652664}
  - component: {fileID: 721683724}
  - component: {fileID: 721683723}
  - component: {fileID: 721683722}
  m_Layer: 5
  m_Name: Canvas
  m_TagString: Untagged
  m_Icon: {fileID: 0}
  m_NavMeshLayer: 0
  m_StaticEditorFlags: 0
  m_IsActive: 1
--- !u!114 &721683722
MonoBehaviour:
  m_ObjectHideFlags: 0
  m_CorrespondingSourceObject: {fileID: 11400000, guid: ace2d4bf56f98df4196ff81845a465d7,
    type: 3}
  m_PrefabInstance: {fileID: 0}
  m_PrefabAsset: {fileID: 0}
  m_GameObject: {fileID: 721683721}
  m_Enabled: 1
  m_EditorHideFlags: 0
  m_Script: {fileID: 11500000, guid: dc42784cf147c0c48a680349fa168899, type: 3}
  m_Name: 
  m_EditorClassIdentifier: 
  m_IgnoreReversedGraphics: 1
  m_BlockingObjects: 0
  m_BlockingMask:
    serializedVersion: 2
    m_Bits: 4294967295
--- !u!114 &721683723
MonoBehaviour:
  m_ObjectHideFlags: 0
  m_CorrespondingSourceObject: {fileID: 11400002, guid: ace2d4bf56f98df4196ff81845a465d7,
    type: 3}
  m_PrefabInstance: {fileID: 0}
  m_PrefabAsset: {fileID: 0}
  m_GameObject: {fileID: 721683721}
  m_Enabled: 1
  m_EditorHideFlags: 0
  m_Script: {fileID: 11500000, guid: 0cd44c1031e13a943bb63640046fad76, type: 3}
  m_Name: 
  m_EditorClassIdentifier: 
  m_UiScaleMode: 1
  m_ReferencePixelsPerUnit: 100
  m_ScaleFactor: 1
  m_ReferenceResolution: {x: 1920, y: 1080}
  m_ScreenMatchMode: 1
  m_MatchWidthOrHeight: 0
  m_PhysicalUnit: 3
  m_FallbackScreenDPI: 96
  m_DefaultSpriteDPI: 96
  m_DynamicPixelsPerUnit: 1
--- !u!223 &721683724
Canvas:
  m_ObjectHideFlags: 0
  m_CorrespondingSourceObject: {fileID: 22300000, guid: ace2d4bf56f98df4196ff81845a465d7,
    type: 3}
  m_PrefabInstance: {fileID: 0}
  m_PrefabAsset: {fileID: 0}
  m_GameObject: {fileID: 721683721}
  m_Enabled: 1
  serializedVersion: 3
  m_RenderMode: 1
  m_Camera: {fileID: 1896010360}
  m_PlaneDistance: 100
  m_PixelPerfect: 0
  m_ReceivesEvents: 1
  m_OverrideSorting: 0
  m_OverridePixelPerfect: 0
  m_SortingBucketNormalizedSize: 0
  m_AdditionalShaderChannelsFlag: 25
  m_SortingLayerID: -1053558941
  m_SortingOrder: 0
  m_TargetDisplay: 0
--- !u!1 &935363756
GameObject:
  m_ObjectHideFlags: 0
  m_CorrespondingSourceObject: {fileID: 0}
  m_PrefabInstance: {fileID: 0}
  m_PrefabAsset: {fileID: 0}
  serializedVersion: 6
  m_Component:
  - component: {fileID: 935363758}
  - component: {fileID: 935363757}
  m_Layer: 0
  m_Name: RetroAdventureProgressManager
  m_TagString: Untagged
  m_Icon: {fileID: 0}
  m_NavMeshLayer: 0
  m_StaticEditorFlags: 0
  m_IsActive: 0
--- !u!114 &935363757
MonoBehaviour:
  m_ObjectHideFlags: 0
  m_CorrespondingSourceObject: {fileID: 0}
  m_PrefabInstance: {fileID: 0}
  m_PrefabAsset: {fileID: 0}
  m_GameObject: {fileID: 935363756}
  m_Enabled: 1
  m_EditorHideFlags: 0
  m_Script: {fileID: 11500000, guid: cf05f7dd8e4220748a9c4f4f6a2bc9a7, type: 3}
  m_Name: 
  m_EditorClassIdentifier: 
  Scenes:
  - SceneName: RetroAdventure1
    LevelComplete: 1
    LevelUnlocked: 1
    MaxStars: 3
    CollectedStars: 000000
  - SceneName: RetroAdventure2
    LevelComplete: 0
    LevelUnlocked: 0
    MaxStars: 3
    CollectedStars: 000000
  - SceneName: RetroAdventure3
    LevelComplete: 0
    LevelUnlocked: 0
    MaxStars: 3
    CollectedStars: 000000
  - SceneName: RetroAdventure4
    LevelComplete: 0
    LevelUnlocked: 0
    MaxStars: 3
    CollectedStars: 000000
  - SceneName: RetroAdventure5
    LevelComplete: 0
    LevelUnlocked: 0
    MaxStars: 3
    CollectedStars: 000000
  CreateSaveGameBtn: 0
--- !u!4 &935363758
Transform:
  m_ObjectHideFlags: 0
  m_CorrespondingSourceObject: {fileID: 0}
  m_PrefabInstance: {fileID: 0}
  m_PrefabAsset: {fileID: 0}
  m_GameObject: {fileID: 935363756}
  m_LocalRotation: {x: 0, y: 0, z: 0, w: 1}
  m_LocalPosition: {x: -39.022884, y: 2.458918, z: 100.35275}
  m_LocalScale: {x: 1, y: 1, z: 1}
  m_Children: []
  m_Father: {fileID: 0}
  m_RootOrder: 3
  m_LocalEulerAnglesHint: {x: 0, y: 0, z: 0}
--- !u!224 &1150651283 stripped
RectTransform:
  m_CorrespondingSourceObject: {fileID: 224518304298186988, guid: f9c1d2640980b3944ad3815c18cc1cad,
    type: 3}
  m_PrefabInstance: {fileID: 702858825}
  m_PrefabAsset: {fileID: 0}
--- !u!1 &1381975022
GameObject:
  m_ObjectHideFlags: 0
  m_CorrespondingSourceObject: {fileID: 0}
  m_PrefabInstance: {fileID: 0}
  m_PrefabAsset: {fileID: 0}
  serializedVersion: 6
  m_Component:
  - component: {fileID: 1381975023}
  - component: {fileID: 1381975025}
  - component: {fileID: 1381975024}
  m_Layer: 5
  m_Name: Content
  m_TagString: Untagged
  m_Icon: {fileID: 0}
  m_NavMeshLayer: 0
  m_StaticEditorFlags: 0
  m_IsActive: 1
--- !u!224 &1381975023
RectTransform:
  m_ObjectHideFlags: 0
  m_CorrespondingSourceObject: {fileID: 0}
  m_PrefabInstance: {fileID: 0}
  m_PrefabAsset: {fileID: 0}
  m_GameObject: {fileID: 1381975022}
  m_LocalRotation: {x: -0, y: -0, z: -0, w: 1}
  m_LocalPosition: {x: 0, y: 0, z: -1360.7998}
  m_LocalScale: {x: 1.00008, y: 1.00008, z: 1.00008}
  m_Children:
  - {fileID: 653337547}
  - {fileID: 2072702633}
  m_Father: {fileID: 1469652664}
  m_RootOrder: 3
  m_LocalEulerAnglesHint: {x: 0, y: 0, z: 0}
  m_AnchorMin: {x: 0, y: 0.5}
  m_AnchorMax: {x: 0, y: 0.5}
  m_AnchoredPosition: {x: 531, y: -23}
  m_SizeDelta: {x: 0, y: 536.5}
  m_Pivot: {x: 0.5, y: 0.5}
--- !u!114 &1381975024
MonoBehaviour:
  m_ObjectHideFlags: 0
  m_CorrespondingSourceObject: {fileID: 0}
  m_PrefabInstance: {fileID: 0}
  m_PrefabAsset: {fileID: 0}
  m_GameObject: {fileID: 1381975022}
  m_Enabled: 1
  m_EditorHideFlags: 0
  m_Script: {fileID: 11500000, guid: 30649d3a9faa99c48a7b1166b86bf2a0, type: 3}
  m_Name: 
  m_EditorClassIdentifier: 
  m_Padding:
    m_Left: 0
    m_Right: 0
    m_Top: 0
    m_Bottom: 0
  m_ChildAlignment: 0
  m_Spacing: 50
  m_ChildForceExpandWidth: 1
  m_ChildForceExpandHeight: 1
  m_ChildControlWidth: 0
  m_ChildControlHeight: 0
  m_ChildScaleWidth: 0
  m_ChildScaleHeight: 0
--- !u!222 &1381975025
CanvasRenderer:
  m_ObjectHideFlags: 0
  m_CorrespondingSourceObject: {fileID: 0}
  m_PrefabInstance: {fileID: 0}
  m_PrefabAsset: {fileID: 0}
  m_GameObject: {fileID: 1381975022}
  m_CullTransparentMesh: 0
--- !u!224 &1469652664
RectTransform:
  m_ObjectHideFlags: 0
  m_CorrespondingSourceObject: {fileID: 22400000, guid: ace2d4bf56f98df4196ff81845a465d7,
    type: 3}
  m_PrefabInstance: {fileID: 0}
  m_PrefabAsset: {fileID: 0}
  m_GameObject: {fileID: 721683721}
  m_LocalRotation: {x: 0, y: 0, z: 0, w: 1}
  m_LocalPosition: {x: 0, y: 0, z: 0}
  m_LocalScale: {x: 0, y: 0, z: 0}
  m_Children:
  - {fileID: 280219301}
  - {fileID: 1580419641}
  - {fileID: 148666708}
  - {fileID: 1381975023}
  - {fileID: 1150651283}
  - {fileID: 321565021}
  - {fileID: 22011039}
  m_Father: {fileID: 1896010361}
  m_RootOrder: 0
  m_LocalEulerAnglesHint: {x: 0, y: 0, z: 0}
  m_AnchorMin: {x: 0, y: 0}
  m_AnchorMax: {x: 0, y: 0}
  m_AnchoredPosition: {x: 0, y: 0}
  m_SizeDelta: {x: 0, y: 0}
  m_Pivot: {x: 0, y: 0}
--- !u!1 &1580419640
GameObject:
  m_ObjectHideFlags: 0
  m_CorrespondingSourceObject: {fileID: 0}
  m_PrefabInstance: {fileID: 0}
  m_PrefabAsset: {fileID: 0}
  serializedVersion: 6
  m_Component:
  - component: {fileID: 1580419641}
  - component: {fileID: 1580419643}
  - component: {fileID: 1580419642}
  m_Layer: 5
  m_Name: Image
  m_TagString: Untagged
  m_Icon: {fileID: 0}
  m_NavMeshLayer: 0
  m_StaticEditorFlags: 0
  m_IsActive: 1
--- !u!224 &1580419641
RectTransform:
  m_ObjectHideFlags: 0
  m_CorrespondingSourceObject: {fileID: 0}
  m_PrefabInstance: {fileID: 0}
  m_PrefabAsset: {fileID: 0}
  m_GameObject: {fileID: 1580419640}
  m_LocalRotation: {x: 0, y: 0, z: 0, w: 1}
  m_LocalPosition: {x: 0, y: 0, z: 0}
  m_LocalScale: {x: 1, y: 1, z: 1}
  m_Children: []
  m_Father: {fileID: 1469652664}
  m_RootOrder: 1
  m_LocalEulerAnglesHint: {x: 0, y: 0, z: 0}
  m_AnchorMin: {x: 0.5, y: 0.5}
  m_AnchorMax: {x: 0.5, y: 0.5}
  m_AnchoredPosition: {x: -19, y: 322}
  m_SizeDelta: {x: 1648, y: 1}
  m_Pivot: {x: 0.5, y: 0.5}
--- !u!114 &1580419642
MonoBehaviour:
  m_ObjectHideFlags: 0
  m_CorrespondingSourceObject: {fileID: 0}
  m_PrefabInstance: {fileID: 0}
  m_PrefabAsset: {fileID: 0}
  m_GameObject: {fileID: 1580419640}
  m_Enabled: 1
  m_EditorHideFlags: 0
  m_Script: {fileID: 11500000, guid: fe87c0e1cc204ed48ad3b37840f39efc, type: 3}
  m_Name: 
  m_EditorClassIdentifier: 
  m_Material: {fileID: 0}
  m_Color: {r: 1, g: 1, b: 1, a: 1}
  m_RaycastTarget: 1
  m_OnCullStateChanged:
    m_PersistentCalls:
      m_Calls: []
  m_Sprite: {fileID: 0}
  m_Type: 0
  m_PreserveAspect: 0
  m_FillCenter: 1
  m_FillMethod: 4
  m_FillAmount: 1
  m_FillClockwise: 1
  m_FillOrigin: 0
  m_UseSpriteMesh: 0
  m_PixelsPerUnitMultiplier: 1
--- !u!222 &1580419643
CanvasRenderer:
  m_ObjectHideFlags: 0
  m_CorrespondingSourceObject: {fileID: 0}
  m_PrefabInstance: {fileID: 0}
  m_PrefabAsset: {fileID: 0}
  m_GameObject: {fileID: 1580419640}
  m_CullTransparentMesh: 0
--- !u!1 &1841615347
GameObject:
  m_ObjectHideFlags: 0
  m_CorrespondingSourceObject: {fileID: 0}
  m_PrefabInstance: {fileID: 0}
  m_PrefabAsset: {fileID: 0}
  serializedVersion: 6
  m_Component:
  - component: {fileID: 1841615348}
  - component: {fileID: 1841615350}
  - component: {fileID: 1841615349}
  m_Layer: 5
  m_Name: Text
  m_TagString: Untagged
  m_Icon: {fileID: 0}
  m_NavMeshLayer: 0
  m_StaticEditorFlags: 0
  m_IsActive: 1
--- !u!224 &1841615348
RectTransform:
  m_ObjectHideFlags: 0
  m_CorrespondingSourceObject: {fileID: 0}
  m_PrefabInstance: {fileID: 0}
  m_PrefabAsset: {fileID: 0}
  m_GameObject: {fileID: 1841615347}
  m_LocalRotation: {x: -0, y: -0, z: -0, w: 1}
  m_LocalPosition: {x: 0, y: 0, z: 0}
  m_LocalScale: {x: 1, y: 1, z: 1}
  m_Children: []
  m_Father: {fileID: 22011039}
  m_RootOrder: 0
  m_LocalEulerAnglesHint: {x: 0, y: 0, z: 0}
  m_AnchorMin: {x: 0, y: 0}
  m_AnchorMax: {x: 1, y: 1}
  m_AnchoredPosition: {x: 0, y: 0}
  m_SizeDelta: {x: 0, y: 0}
  m_Pivot: {x: 0.5, y: 0.5}
--- !u!114 &1841615349
MonoBehaviour:
  m_ObjectHideFlags: 0
  m_CorrespondingSourceObject: {fileID: 0}
  m_PrefabInstance: {fileID: 0}
  m_PrefabAsset: {fileID: 0}
  m_GameObject: {fileID: 1841615347}
  m_Enabled: 1
  m_EditorHideFlags: 0
  m_Script: {fileID: 11500000, guid: 5f7201a12d95ffc409449d95f23cf332, type: 3}
  m_Name: 
  m_EditorClassIdentifier: 
  m_Material: {fileID: 0}
  m_Color: {r: 0, g: 0, b: 0, a: 1}
  m_RaycastTarget: 1
  m_OnCullStateChanged:
    m_PersistentCalls:
      m_Calls: []
  m_FontData:
    m_Font: {fileID: 10102, guid: 0000000000000000e000000000000000, type: 0}
    m_FontSize: 24
    m_FontStyle: 0
    m_BestFit: 0
    m_MinSize: 2
    m_MaxSize: 40
    m_Alignment: 4
    m_AlignByGeometry: 0
    m_RichText: 1
    m_HorizontalOverflow: 0
    m_VerticalOverflow: 0
    m_LineSpacing: 1
  m_Text: Back
--- !u!222 &1841615350
CanvasRenderer:
  m_ObjectHideFlags: 0
  m_CorrespondingSourceObject: {fileID: 0}
  m_PrefabInstance: {fileID: 0}
  m_PrefabAsset: {fileID: 0}
  m_GameObject: {fileID: 1841615347}
  m_CullTransparentMesh: 0
--- !u!1001 &1858528200
PrefabInstance:
  m_ObjectHideFlags: 0
  serializedVersion: 2
  m_Modification:
    m_TransformParent: {fileID: 1381975023}
    m_Modifications:
    - target: {fileID: 5092513716946054124, guid: ae10acab71e75364fbc8c2befe7a286a,
        type: 3}
      propertyPath: m_Name
      value: Arkan
      objectReference: {fileID: 0}
    - target: {fileID: 5092513717304191741, guid: ae10acab71e75364fbc8c2befe7a286a,
        type: 3}
      propertyPath: m_LocalPosition.x
      value: 0
      objectReference: {fileID: 0}
    - target: {fileID: 5092513717304191741, guid: ae10acab71e75364fbc8c2befe7a286a,
        type: 3}
      propertyPath: m_LocalPosition.y
      value: 0
      objectReference: {fileID: 0}
    - target: {fileID: 5092513717304191741, guid: ae10acab71e75364fbc8c2befe7a286a,
        type: 3}
      propertyPath: m_LocalPosition.z
      value: 0
      objectReference: {fileID: 0}
    - target: {fileID: 5092513717304191741, guid: ae10acab71e75364fbc8c2befe7a286a,
        type: 3}
      propertyPath: m_LocalRotation.x
      value: -0
      objectReference: {fileID: 0}
    - target: {fileID: 5092513717304191741, guid: ae10acab71e75364fbc8c2befe7a286a,
        type: 3}
      propertyPath: m_LocalRotation.y
      value: -0
      objectReference: {fileID: 0}
    - target: {fileID: 5092513717304191741, guid: ae10acab71e75364fbc8c2befe7a286a,
        type: 3}
      propertyPath: m_LocalRotation.z
      value: -0
      objectReference: {fileID: 0}
    - target: {fileID: 5092513717304191741, guid: ae10acab71e75364fbc8c2befe7a286a,
        type: 3}
      propertyPath: m_LocalRotation.w
      value: 1
      objectReference: {fileID: 0}
    - target: {fileID: 5092513717304191741, guid: ae10acab71e75364fbc8c2befe7a286a,
        type: 3}
      propertyPath: m_RootOrder
      value: 1
      objectReference: {fileID: 0}
    - target: {fileID: 5092513717304191741, guid: ae10acab71e75364fbc8c2befe7a286a,
        type: 3}
      propertyPath: m_LocalEulerAnglesHint.x
      value: 0
      objectReference: {fileID: 0}
    - target: {fileID: 5092513717304191741, guid: ae10acab71e75364fbc8c2befe7a286a,
        type: 3}
      propertyPath: m_LocalEulerAnglesHint.y
      value: 0
      objectReference: {fileID: 0}
    - target: {fileID: 5092513717304191741, guid: ae10acab71e75364fbc8c2befe7a286a,
        type: 3}
      propertyPath: m_LocalEulerAnglesHint.z
      value: 0
      objectReference: {fileID: 0}
    - target: {fileID: 5092513717304191741, guid: ae10acab71e75364fbc8c2befe7a286a,
        type: 3}
      propertyPath: m_AnchoredPosition.x
      value: 0
      objectReference: {fileID: 0}
    - target: {fileID: 5092513717304191741, guid: ae10acab71e75364fbc8c2befe7a286a,
        type: 3}
      propertyPath: m_AnchoredPosition.y
      value: 0
      objectReference: {fileID: 0}
    - target: {fileID: 5092513717304191741, guid: ae10acab71e75364fbc8c2befe7a286a,
        type: 3}
      propertyPath: m_SizeDelta.x
      value: 390
      objectReference: {fileID: 0}
    - target: {fileID: 5092513717304191741, guid: ae10acab71e75364fbc8c2befe7a286a,
        type: 3}
      propertyPath: m_SizeDelta.y
      value: 447.5
      objectReference: {fileID: 0}
    - target: {fileID: 5092513717304191741, guid: ae10acab71e75364fbc8c2befe7a286a,
        type: 3}
      propertyPath: m_AnchorMin.x
      value: 0
      objectReference: {fileID: 0}
    - target: {fileID: 5092513717304191741, guid: ae10acab71e75364fbc8c2befe7a286a,
        type: 3}
      propertyPath: m_AnchorMin.y
      value: 0
      objectReference: {fileID: 0}
    - target: {fileID: 5092513717304191741, guid: ae10acab71e75364fbc8c2befe7a286a,
        type: 3}
      propertyPath: m_AnchorMax.x
      value: 0
      objectReference: {fileID: 0}
    - target: {fileID: 5092513717304191741, guid: ae10acab71e75364fbc8c2befe7a286a,
        type: 3}
      propertyPath: m_AnchorMax.y
      value: 0
      objectReference: {fileID: 0}
    - target: {fileID: 5092513717304191741, guid: ae10acab71e75364fbc8c2befe7a286a,
        type: 3}
      propertyPath: m_Pivot.x
      value: 0.5
      objectReference: {fileID: 0}
    - target: {fileID: 5092513717304191741, guid: ae10acab71e75364fbc8c2befe7a286a,
        type: 3}
      propertyPath: m_Pivot.y
      value: 0.5
      objectReference: {fileID: 0}
    - target: {fileID: 5092513717304191741, guid: ae10acab71e75364fbc8c2befe7a286a,
        type: 3}
      propertyPath: m_LocalScale.x
      value: 0.9994601
      objectReference: {fileID: 0}
    - target: {fileID: 5092513717304191741, guid: ae10acab71e75364fbc8c2befe7a286a,
        type: 3}
      propertyPath: m_LocalScale.y
      value: 0.9994601
      objectReference: {fileID: 0}
    - target: {fileID: 5092513717304191741, guid: ae10acab71e75364fbc8c2befe7a286a,
        type: 3}
      propertyPath: m_LocalScale.z
      value: 0.9994601
      objectReference: {fileID: 0}
    - target: {fileID: 5092513716946054123, guid: ae10acab71e75364fbc8c2befe7a286a,
        type: 3}
      propertyPath: m_Enabled
      value: 1
      objectReference: {fileID: 0}
    - target: {fileID: 5092513716946054122, guid: ae10acab71e75364fbc8c2befe7a286a,
        type: 3}
      propertyPath: m_Enabled
      value: 1
      objectReference: {fileID: 0}
    - target: {fileID: 5092513716946054125, guid: ae10acab71e75364fbc8c2befe7a286a,
        type: 3}
      propertyPath: CharacterPrefab
      value: 
      objectReference: {fileID: 7600661457308364195, guid: 348515a329f4338428288dfc646f97e8,
        type: 3}
    - target: {fileID: 5092513716946054125, guid: ae10acab71e75364fbc8c2befe7a286a,
        type: 3}
      propertyPath: DestinationSceneName
      value: World Selection
      objectReference: {fileID: 0}
    - target: {fileID: 5092513718467967080, guid: ae10acab71e75364fbc8c2befe7a286a,
        type: 3}
      propertyPath: m_Sprite
      value: 
      objectReference: {fileID: 21300020, guid: f3f4293ccdddd34468f58745d608416e,
        type: 3}
    - target: {fileID: 5092513718467967080, guid: ae10acab71e75364fbc8c2befe7a286a,
        type: 3}
      propertyPath: m_PreserveAspect
      value: 1
      objectReference: {fileID: 0}
    - target: {fileID: 5092513718274519195, guid: ae10acab71e75364fbc8c2befe7a286a,
        type: 3}
      propertyPath: m_Text
      value: Arkan
      objectReference: {fileID: 0}
    - target: {fileID: 5092513718274519195, guid: ae10acab71e75364fbc8c2befe7a286a,
        type: 3}
      propertyPath: m_FontData.m_Alignment
      value: 4
      objectReference: {fileID: 0}
    - target: {fileID: 5092513717212111265, guid: ae10acab71e75364fbc8c2befe7a286a,
        type: 3}
      propertyPath: m_Text
      value: 
      objectReference: {fileID: 0}
    - target: {fileID: 5092513718251672429, guid: ae10acab71e75364fbc8c2befe7a286a,
        type: 3}
      propertyPath: m_RaycastTarget
      value: 0
      objectReference: {fileID: 0}
    - target: {fileID: 5092513718251672429, guid: ae10acab71e75364fbc8c2befe7a286a,
        type: 3}
      propertyPath: m_Color.r
      value: 0.4056604
      objectReference: {fileID: 0}
    - target: {fileID: 5092513718251672429, guid: ae10acab71e75364fbc8c2befe7a286a,
        type: 3}
      propertyPath: m_Color.g
      value: 0.4056604
      objectReference: {fileID: 0}
    - target: {fileID: 5092513718251672429, guid: ae10acab71e75364fbc8c2befe7a286a,
        type: 3}
      propertyPath: m_Color.b
      value: 0.4056604
      objectReference: {fileID: 0}
    - target: {fileID: 5092513718251672429, guid: ae10acab71e75364fbc8c2befe7a286a,
        type: 3}
      propertyPath: m_Color.a
      value: 0.3372549
      objectReference: {fileID: 0}
    - target: {fileID: 5092513718251672417, guid: ae10acab71e75364fbc8c2befe7a286a,
        type: 3}
      propertyPath: m_Colors.m_HighlightedColor.r
      value: 0.058072258
      objectReference: {fileID: 0}
    - target: {fileID: 5092513718251672417, guid: ae10acab71e75364fbc8c2befe7a286a,
        type: 3}
      propertyPath: m_Colors.m_HighlightedColor.g
      value: 0.8207547
      objectReference: {fileID: 0}
    - target: {fileID: 5092513718251672417, guid: ae10acab71e75364fbc8c2befe7a286a,
        type: 3}
      propertyPath: m_Colors.m_HighlightedColor.b
      value: 0.9019608
      objectReference: {fileID: 0}
    m_RemovedComponents: []
  m_SourcePrefab: {fileID: 100100000, guid: ae10acab71e75364fbc8c2befe7a286a, type: 3}
--- !u!1 &1896010356
GameObject:
  m_ObjectHideFlags: 0
  m_CorrespondingSourceObject: {fileID: 100004, guid: ace2d4bf56f98df4196ff81845a465d7,
    type: 3}
  m_PrefabInstance: {fileID: 0}
  m_PrefabAsset: {fileID: 0}
  serializedVersion: 6
  m_Component:
  - component: {fileID: 1896010361}
  - component: {fileID: 1896010360}
  - component: {fileID: 1896010359}
  - component: {fileID: 1896010358}
  - component: {fileID: 1896010357}
  m_Layer: 0
  m_Name: UICamera
  m_TagString: Untagged
  m_Icon: {fileID: 0}
  m_NavMeshLayer: 0
  m_StaticEditorFlags: 0
  m_IsActive: 1
--- !u!114 &1896010357
MonoBehaviour:
  m_ObjectHideFlags: 0
  m_CorrespondingSourceObject: {fileID: 11413996, guid: ace2d4bf56f98df4196ff81845a465d7,
    type: 3}
  m_PrefabInstance: {fileID: 0}
  m_PrefabAsset: {fileID: 0}
  m_GameObject: {fileID: 1896010356}
  m_Enabled: 1
  m_EditorHideFlags: 0
  m_Script: {fileID: 11500000, guid: d64723688ce860840bebf5facbf67709, type: 3}
  m_Name: 
  m_EditorClassIdentifier: 
  HUD: {fileID: 0}
  HealthBars: []
  JetPackBars: []
  AmmoDisplays: []
  PauseScreen: {fileID: 0}
  TimeSplash: {fileID: 0}
  Buttons: {fileID: 0}
  Arrows: {fileID: 0}
  Joystick: {fileID: 0}
  PointsText: {fileID: 0}
  LevelText: {fileID: 0}
  PointsPattern: 000000
--- !u!92 &1896010358
Behaviour:
  m_ObjectHideFlags: 0
  m_CorrespondingSourceObject: {fileID: 9200000, guid: ace2d4bf56f98df4196ff81845a465d7,
    type: 3}
  m_PrefabInstance: {fileID: 0}
  m_PrefabAsset: {fileID: 0}
  m_GameObject: {fileID: 1896010356}
  m_Enabled: 1
--- !u!124 &1896010359
Behaviour:
  m_ObjectHideFlags: 0
  m_CorrespondingSourceObject: {fileID: 12400000, guid: ace2d4bf56f98df4196ff81845a465d7,
    type: 3}
  m_PrefabInstance: {fileID: 0}
  m_PrefabAsset: {fileID: 0}
  m_GameObject: {fileID: 1896010356}
  m_Enabled: 1
--- !u!20 &1896010360
Camera:
  m_ObjectHideFlags: 0
  m_CorrespondingSourceObject: {fileID: 2000000, guid: ace2d4bf56f98df4196ff81845a465d7,
    type: 3}
  m_PrefabInstance: {fileID: 0}
  m_PrefabAsset: {fileID: 0}
  m_GameObject: {fileID: 1896010356}
  m_Enabled: 1
  serializedVersion: 2
  m_ClearFlags: 3
  m_BackGroundColor: {r: 0.19215687, g: 0.3019608, b: 0.4745098, a: 0.019607844}
  m_projectionMatrixMode: 1
  m_GateFitMode: 2
  m_FOVAxisMode: 0
  m_SensorSize: {x: 36, y: 24}
  m_LensShift: {x: 0, y: 0}
  m_FocalLength: 50
  m_NormalizedViewPortRect:
    serializedVersion: 2
    x: 0
    y: 0
    width: 1
    height: 1
  near clip plane: 0.3
  far clip plane: 1000
  field of view: 60
  orthographic: 1
  orthographic size: 10
  m_Depth: 0
  m_CullingMask:
    serializedVersion: 2
    m_Bits: 32
  m_RenderingPath: -1
  m_TargetTexture: {fileID: 0}
  m_TargetDisplay: 0
  m_TargetEye: 3
  m_HDR: 0
  m_AllowMSAA: 1
  m_AllowDynamicResolution: 0
  m_ForceIntoRT: 0
  m_OcclusionCulling: 1
  m_StereoConvergence: 10
  m_StereoSeparation: 0.022
--- !u!4 &1896010361
Transform:
  m_ObjectHideFlags: 0
  m_CorrespondingSourceObject: {fileID: 400002, guid: ace2d4bf56f98df4196ff81845a465d7,
    type: 3}
  m_PrefabInstance: {fileID: 0}
  m_PrefabAsset: {fileID: 0}
  m_GameObject: {fileID: 1896010356}
  m_LocalRotation: {x: 0, y: 0, z: 0, w: 1}
  m_LocalPosition: {x: -30.59, y: 0.47, z: 0}
  m_LocalScale: {x: 1, y: 1, z: 1}
  m_Children:
  - {fileID: 1469652664}
  - {fileID: 433679907}
  m_Father: {fileID: 0}
  m_RootOrder: 1
  m_LocalEulerAnglesHint: {x: 0, y: 0, z: 0}
--- !u!1001 &1922343295
PrefabInstance:
  m_ObjectHideFlags: 0
  serializedVersion: 2
  m_Modification:
    m_TransformParent: {fileID: 0}
    m_Modifications:
    - target: {fileID: 490956, guid: 6059d977d1f210348bfbe1a82f4f9883, type: 3}
      propertyPath: m_LocalPosition.x
      value: -55.88399
      objectReference: {fileID: 0}
    - target: {fileID: 490956, guid: 6059d977d1f210348bfbe1a82f4f9883, type: 3}
      propertyPath: m_LocalPosition.y
      value: -13.874008
      objectReference: {fileID: 0}
    - target: {fileID: 490956, guid: 6059d977d1f210348bfbe1a82f4f9883, type: 3}
      propertyPath: m_LocalPosition.z
      value: 100
      objectReference: {fileID: 0}
    - target: {fileID: 490956, guid: 6059d977d1f210348bfbe1a82f4f9883, type: 3}
      propertyPath: m_LocalRotation.x
      value: 0
      objectReference: {fileID: 0}
    - target: {fileID: 490956, guid: 6059d977d1f210348bfbe1a82f4f9883, type: 3}
      propertyPath: m_LocalRotation.y
      value: 0
      objectReference: {fileID: 0}
    - target: {fileID: 490956, guid: 6059d977d1f210348bfbe1a82f4f9883, type: 3}
      propertyPath: m_LocalRotation.z
      value: 0
      objectReference: {fileID: 0}
    - target: {fileID: 490956, guid: 6059d977d1f210348bfbe1a82f4f9883, type: 3}
      propertyPath: m_LocalRotation.w
      value: 1
      objectReference: {fileID: 0}
    - target: {fileID: 490956, guid: 6059d977d1f210348bfbe1a82f4f9883, type: 3}
      propertyPath: m_RootOrder
      value: 2
      objectReference: {fileID: 0}
    - target: {fileID: 11489144, guid: 6059d977d1f210348bfbe1a82f4f9883, type: 3}
      propertyPath: MaximumLives
      value: 5
      objectReference: {fileID: 0}
    - target: {fileID: 11489144, guid: 6059d977d1f210348bfbe1a82f4f9883, type: 3}
      propertyPath: CurrentLives
      value: 5
      objectReference: {fileID: 0}
    - target: {fileID: 11489144, guid: 6059d977d1f210348bfbe1a82f4f9883, type: 3}
      propertyPath: GameOverScene
      value: RetroAdventureGameOver
      objectReference: {fileID: 0}
    m_RemovedComponents: []
  m_SourcePrefab: {fileID: 100100000, guid: 6059d977d1f210348bfbe1a82f4f9883, type: 3}
--- !u!224 &2072702633 stripped
RectTransform:
  m_CorrespondingSourceObject: {fileID: 5092513717304191741, guid: ae10acab71e75364fbc8c2befe7a286a,
    type: 3}
  m_PrefabInstance: {fileID: 1858528200}
  m_PrefabAsset: {fileID: 0}
--- !u!1001 &5092513717800225078
PrefabInstance:
  m_ObjectHideFlags: 0
  serializedVersion: 2
  m_Modification:
    m_TransformParent: {fileID: 1381975023}
    m_Modifications:
    - target: {fileID: 5092513716946054124, guid: ae10acab71e75364fbc8c2befe7a286a,
        type: 3}
      propertyPath: m_Name
      value: Cecilia
      objectReference: {fileID: 0}
    - target: {fileID: 5092513717304191741, guid: ae10acab71e75364fbc8c2befe7a286a,
        type: 3}
      propertyPath: m_LocalPosition.x
      value: 0
      objectReference: {fileID: 0}
    - target: {fileID: 5092513717304191741, guid: ae10acab71e75364fbc8c2befe7a286a,
        type: 3}
      propertyPath: m_LocalPosition.y
      value: 0
      objectReference: {fileID: 0}
    - target: {fileID: 5092513717304191741, guid: ae10acab71e75364fbc8c2befe7a286a,
        type: 3}
      propertyPath: m_LocalPosition.z
      value: 0
      objectReference: {fileID: 0}
    - target: {fileID: 5092513717304191741, guid: ae10acab71e75364fbc8c2befe7a286a,
        type: 3}
      propertyPath: m_LocalRotation.x
      value: -0
      objectReference: {fileID: 0}
    - target: {fileID: 5092513717304191741, guid: ae10acab71e75364fbc8c2befe7a286a,
        type: 3}
      propertyPath: m_LocalRotation.y
      value: -0
      objectReference: {fileID: 0}
    - target: {fileID: 5092513717304191741, guid: ae10acab71e75364fbc8c2befe7a286a,
        type: 3}
      propertyPath: m_LocalRotation.z
      value: -0
      objectReference: {fileID: 0}
    - target: {fileID: 5092513717304191741, guid: ae10acab71e75364fbc8c2befe7a286a,
        type: 3}
      propertyPath: m_LocalRotation.w
      value: 1
      objectReference: {fileID: 0}
    - target: {fileID: 5092513717304191741, guid: ae10acab71e75364fbc8c2befe7a286a,
        type: 3}
      propertyPath: m_RootOrder
      value: 0
      objectReference: {fileID: 0}
    - target: {fileID: 5092513717304191741, guid: ae10acab71e75364fbc8c2befe7a286a,
        type: 3}
      propertyPath: m_LocalEulerAnglesHint.x
      value: 0
      objectReference: {fileID: 0}
    - target: {fileID: 5092513717304191741, guid: ae10acab71e75364fbc8c2befe7a286a,
        type: 3}
      propertyPath: m_LocalEulerAnglesHint.y
      value: 0
      objectReference: {fileID: 0}
    - target: {fileID: 5092513717304191741, guid: ae10acab71e75364fbc8c2befe7a286a,
        type: 3}
      propertyPath: m_LocalEulerAnglesHint.z
      value: 0
      objectReference: {fileID: 0}
    - target: {fileID: 5092513717304191741, guid: ae10acab71e75364fbc8c2befe7a286a,
        type: 3}
      propertyPath: m_AnchoredPosition.x
      value: 0
      objectReference: {fileID: 0}
    - target: {fileID: 5092513717304191741, guid: ae10acab71e75364fbc8c2befe7a286a,
        type: 3}
      propertyPath: m_AnchoredPosition.y
      value: 0
      objectReference: {fileID: 0}
    - target: {fileID: 5092513717304191741, guid: ae10acab71e75364fbc8c2befe7a286a,
        type: 3}
      propertyPath: m_SizeDelta.x
      value: 390
      objectReference: {fileID: 0}
    - target: {fileID: 5092513717304191741, guid: ae10acab71e75364fbc8c2befe7a286a,
        type: 3}
      propertyPath: m_SizeDelta.y
      value: 447.5
      objectReference: {fileID: 0}
    - target: {fileID: 5092513717304191741, guid: ae10acab71e75364fbc8c2befe7a286a,
        type: 3}
      propertyPath: m_AnchorMin.x
      value: 0
      objectReference: {fileID: 0}
    - target: {fileID: 5092513717304191741, guid: ae10acab71e75364fbc8c2befe7a286a,
        type: 3}
      propertyPath: m_AnchorMin.y
      value: 0
      objectReference: {fileID: 0}
    - target: {fileID: 5092513717304191741, guid: ae10acab71e75364fbc8c2befe7a286a,
        type: 3}
      propertyPath: m_AnchorMax.x
      value: 0
      objectReference: {fileID: 0}
    - target: {fileID: 5092513717304191741, guid: ae10acab71e75364fbc8c2befe7a286a,
        type: 3}
      propertyPath: m_AnchorMax.y
      value: 0
      objectReference: {fileID: 0}
    - target: {fileID: 5092513717304191741, guid: ae10acab71e75364fbc8c2befe7a286a,
        type: 3}
      propertyPath: m_Pivot.x
      value: 0.5
      objectReference: {fileID: 0}
    - target: {fileID: 5092513717304191741, guid: ae10acab71e75364fbc8c2befe7a286a,
        type: 3}
      propertyPath: m_Pivot.y
      value: 0.5
      objectReference: {fileID: 0}
    - target: {fileID: 5092513717304191741, guid: ae10acab71e75364fbc8c2befe7a286a,
        type: 3}
      propertyPath: m_LocalScale.x
      value: 0.9994601
      objectReference: {fileID: 0}
    - target: {fileID: 5092513717304191741, guid: ae10acab71e75364fbc8c2befe7a286a,
        type: 3}
      propertyPath: m_LocalScale.y
      value: 0.9994601
      objectReference: {fileID: 0}
    - target: {fileID: 5092513717304191741, guid: ae10acab71e75364fbc8c2befe7a286a,
        type: 3}
      propertyPath: m_LocalScale.z
      value: 0.9994601
      objectReference: {fileID: 0}
    - target: {fileID: 5092513716946054125, guid: ae10acab71e75364fbc8c2befe7a286a,
        type: 3}
      propertyPath: CharacterPrefab
      value: 
      objectReference: {fileID: 7600661457308364195, guid: 348515a329f4338428288dfc646f97e8,
        type: 3}
    - target: {fileID: 5092513716946054125, guid: ae10acab71e75364fbc8c2befe7a286a,
        type: 3}
      propertyPath: DestinationSceneName
      value: World Selection
      objectReference: {fileID: 0}
    - target: {fileID: 5092513718467967080, guid: ae10acab71e75364fbc8c2befe7a286a,
        type: 3}
      propertyPath: m_Sprite
      value: 
      objectReference: {fileID: 21300000, guid: 71afe79d26cd3ed4f9bb9431cca60fbe,
        type: 3}
    - target: {fileID: 5092513718467967080, guid: ae10acab71e75364fbc8c2befe7a286a,
        type: 3}
      propertyPath: m_PreserveAspect
      value: 1
      objectReference: {fileID: 0}
    - target: {fileID: 5092513718467967080, guid: ae10acab71e75364fbc8c2befe7a286a,
        type: 3}
      propertyPath: m_RaycastTarget
      value: 0
      objectReference: {fileID: 0}
    - target: {fileID: 5092513718274519195, guid: ae10acab71e75364fbc8c2befe7a286a,
        type: 3}
      propertyPath: m_Text
      value: Celicia
      objectReference: {fileID: 0}
    - target: {fileID: 5092513718274519195, guid: ae10acab71e75364fbc8c2befe7a286a,
        type: 3}
      propertyPath: m_FontData.m_Alignment
      value: 4
      objectReference: {fileID: 0}
    - target: {fileID: 5092513717212111265, guid: ae10acab71e75364fbc8c2befe7a286a,
        type: 3}
      propertyPath: m_Text
      value: 
      objectReference: {fileID: 0}
    - target: {fileID: 5092513718251672417, guid: ae10acab71e75364fbc8c2befe7a286a,
        type: 3}
      propertyPath: m_Colors.m_HighlightedColor.r
      value: 0.058072258
      objectReference: {fileID: 0}
    - target: {fileID: 5092513718251672417, guid: ae10acab71e75364fbc8c2befe7a286a,
        type: 3}
      propertyPath: m_Colors.m_HighlightedColor.g
      value: 0.8207547
      objectReference: {fileID: 0}
    - target: {fileID: 5092513718251672417, guid: ae10acab71e75364fbc8c2befe7a286a,
        type: 3}
      propertyPath: m_Colors.m_HighlightedColor.b
      value: 0.9019608
      objectReference: {fileID: 0}
    - target: {fileID: 5092513718467967083, guid: ae10acab71e75364fbc8c2befe7a286a,
        type: 3}
      propertyPath: m_SizeDelta.x
      value: 246.7
      objectReference: {fileID: 0}
    - target: {fileID: 5092513718467967083, guid: ae10acab71e75364fbc8c2befe7a286a,
        type: 3}
      propertyPath: m_SizeDelta.y
      value: 246.69
      objectReference: {fileID: 0}
    - target: {fileID: 5092513718467967083, guid: ae10acab71e75364fbc8c2befe7a286a,
        type: 3}
      propertyPath: m_AnchoredPosition.x
      value: 23
      objectReference: {fileID: 0}
    - target: {fileID: 5092513718467967083, guid: ae10acab71e75364fbc8c2befe7a286a,
        type: 3}
      propertyPath: m_LocalPosition.z
      value: 1119.4
      objectReference: {fileID: 0}
    - target: {fileID: 5092513718467967083, guid: ae10acab71e75364fbc8c2befe7a286a,
        type: 3}
      propertyPath: m_AnchoredPosition.y
      value: -102
      objectReference: {fileID: 0}
    - target: {fileID: 7047917610590657716, guid: ae10acab71e75364fbc8c2befe7a286a,
        type: 3}
      propertyPath: m_IsActive
      value: 1
      objectReference: {fileID: 0}
    m_RemovedComponents: []
  m_SourcePrefab: {fileID: 100100000, guid: ae10acab71e75364fbc8c2befe7a286a, type: 3}
